<record><leader>00000cas a22000001  4500</leader><controlfield tag="001">20390501</controlfield><controlfield tag="007">hd afb---baca</controlfield><controlfield tag="007">hd bfb---baaa</controlfield><controlfield tag="008">890925d19171919miuwr n a     0    0eng  </controlfield><datafield ind1=" " ind2=" " tag="010"><subfield code="a">sf 89092736 </subfield></datafield><datafield ind1=" " ind2=" " tag="040"><subfield code="a">DLC</subfield><subfield code="b">eng</subfield><subfield code="c">DLC</subfield><subfield code="d">NST</subfield><subfield code="d">RQM</subfield><subfield code="d">MHN</subfield><subfield code="d">DLC</subfield><subfield code="d">OCLCQ</subfield><subfield code="d">OCLCO</subfield><subfield code="d">MHR</subfield><subfield code="d">OCLCO</subfield><subfield code="d">OCLCF</subfield><subfield code="d">OCLCO</subfield><subfield code="d">OCL</subfield><subfield code="d">OCLCQ</subfield></datafield><datafield ind1=" " ind2=" " tag="012"><subfield code="i">8909</subfield></datafield><datafield ind1=" " ind2=" " tag="042"><subfield code="a">msc</subfield></datafield><datafield ind1=" " ind2=" " tag="043"><subfield code="a">n-us-mi</subfield></datafield><datafield ind1="0" ind2="0" tag="050"><subfield code="a">Microfilm 39123</subfield></datafield><datafield ind1="0" ind2=" " tag="130"><subfield code="a">Trench and camp (Battle Creek, Mich.)</subfield></datafield><datafield ind1="1" ind2="0" tag="245"><subfield code="a">Trench and camp.</subfield></datafield><datafield ind1=" " ind2=" " tag="250"><subfield code="a">Ed. for Camp Custer, Battle Creek, Mich.</subfield></datafield><datafield ind1=" " ind2=" " tag="260"><subfield code="a">Battle Creek, Mich. :</subfield><subfield code="b">Battle Creek Enquirer-News</subfield></datafield><datafield ind1=" " ind2=" " tag="300"><subfield code="a">2 volumes</subfield><subfield code="b">illustrations</subfield><subfield code="c">46 cm</subfield></datafield><datafield ind1=" " ind2=" " tag="310"><subfield code="a">Weekly</subfield></datafield><datafield ind1=" " ind2=" " tag="336"><subfield code="a">text</subfield><subfield code="b">txt</subfield><subfield code="2">rdacontent</subfield></datafield><datafield ind1=" " ind2=" " tag="337"><subfield code="a">microform</subfield><subfield code="b">h</subfield><subfield code="2">rdamedia</subfield></datafield><datafield ind1=" " ind2=" " tag="338"><subfield code="a">microfilm reel</subfield><subfield code="b">hd</subfield><subfield code="2">rdacarrier</subfield></datafield><datafield ind1=" " ind2=" " tag="550"><subfield code="a">"Published under auspices of National War Work Council, Y.M.C.A. of the United States."</subfield></datafield><datafield ind1=" " ind2=" " tag="533"><subfield code="a">Microfilm.</subfield><subfield code="m">v.1-2 (Oct. 8,1917-Jan. 31,1919)</subfield><subfield code="b">Washington, D.C. :</subfield><subfield code="c">Library of Congress Preservation Microfilming Program :</subfield><subfield code="c">Available from Library of Congress Photoduplication Service.</subfield><subfield code="e">microfilm reels ; 35 mm.</subfield></datafield><datafield ind1=" " ind2="0" tag="650"><subfield code="a">World War, 1914-1918</subfield><subfield code="v">Periodicals.</subfield></datafield><datafield ind1=" " ind2="0" tag="650"><subfield code="a">World War, 1914-1918</subfield><subfield code="v">Newspapers.</subfield></datafield><datafield ind1=" " ind2="0" tag="651"><subfield code="a">Fort Custer (Mich.)</subfield><subfield code="v">Newspapers.</subfield></datafield><datafield ind1=" " ind2="0" tag="651"><subfield code="a">Fort Custer (Mich.)</subfield><subfield code="v">Periodicals.</subfield></datafield><datafield ind1="2" ind2="7" tag="611"><subfield code="a">World War (1914-1918)</subfield><subfield code="2">fast</subfield><subfield code="0">(OCoLC)fst01180746</subfield></datafield><datafield ind1=" " ind2="7" tag="651"><subfield code="a">Michigan</subfield><subfield code="z">Fort Custer.</subfield><subfield code="2">fast</subfield><subfield code="0">(OCoLC)fst01269484</subfield></datafield><datafield ind1=" " ind2="7" tag="648"><subfield code="a">1914-1918</subfield><subfield code="2">fast</subfield></datafield><datafield ind1=" " ind2="7" tag="655"><subfield code="a">Newspapers.</subfield><subfield code="2">fast</subfield><subfield code="0">(OCoLC)fst01423814</subfield></datafield><datafield ind1=" " ind2="7" tag="655"><subfield code="a">Periodicals.</subfield><subfield code="2">fast</subfield><subfield code="0">(OCoLC)fst01411641</subfield></datafield><datafield ind1="2" ind2=" " tag="710"><subfield code="a">National War Work Council, Y.M.C.A. of the United States.</subfield></datafield><datafield ind1=" " ind2=" " tag="752"><subfield code="a">United States</subfield><subfield code="b">Michigan</subfield><subfield code="c">Calhoun</subfield><subfield code="d">Battle Creek.</subfield></datafield><datafield ind1=" " ind2=" " tag="752"><subfield code="a">United States</subfield><subfield code="b">Michigan</subfield><subfield code="c">Calhoun</subfield><subfield code="d">Camp Custer.</subfield></datafield><datafield ind1="1" ind2=" " tag="776"><subfield code="c">Original</subfield><subfield code="w">(DLC)sn 96076601</subfield><subfield code="w">(OCoLC)34707612</subfield></datafield><datafield ind1=" " ind2=" " tag="850"><subfield code="a">DLC</subfield><subfield code="a">DLC (master)</subfield></datafield><datafield ind1="1" ind2=" " tag="029"><subfield code="a">AU@</subfield><subfield code="b">000020564865</subfield></datafield></record>